@inproceedings{bachman2014learning,
	title={Learning with pseudo-ensembles},
	author={Bachman, Philip and Alsharif, Ouais and Precup, Doina},
	booktitle={Advances in Neural Information Processing Systems},
	pages={3365--3373},
	year={2014}
}

@inproceedings{sajjadi2016regularization,
  title={Regularization with stochastic transformations and perturbations for deep semi-supervised learning},
  author={Sajjadi, Mehdi and Javanmardi, Mehran and Tasdizen, Tolga},
  booktitle={Advances in Neural Information Processing Systems},
  pages={1163--1171},
  year={2016}
}

@inproceedings{blum1998combining,
  title={Combining labeled and unlabeled data with co-training},
  author={Blum, Avrim and Mitchell, Tom},
  booktitle={Proceedings of the eleventh annual conference on Computational learning theory},
  pages={92--100},
  year={1998},
  organization={ACM}
}

@inproceedings{goodfellow2014explaining,
  title={Explaining and harnessing adversarial examples},
  author={Goodfellow, Ian J and Shlens, Jonathon and Szegedy, Christian},
  booktitle={International Conference on Learning Representations},
  year={2015}
}

@article{miyato2016adversarial,
  title={Adversarial training methods for semi-supervised text classification},
  author={Miyato, Takeru and Dai, Andrew M and Goodfellow, Ian},
  journal={arXiv preprint arXiv:1605.07725},
  year={2016}
}

@article{wang2018switchout,
  title={Switchout: an efficient data augmentation algorithm for neural machine translation},
  author={Wang, Xinyi and Pham, Hieu and Dai, Zihang and Neubig, Graham},
  journal={arXiv preprint arXiv:1808.07512},
  year={2018}
}

@inproceedings{zhang2019making,
  title={Making convolutional networks shift-invariant again},
  author={Zhang, Richard},
  booktitle={International Conference on Machine Learning},
  year={2019}
}

@article{madry2017towards,
  title={Towards deep learning models resistant to adversarial attacks},
  author={Madry, Aleksander and Makelov, Aleksandar and Schmidt, Ludwig and Tsipras, Dimitris and Vladu, Adrian},
  journal={International Conference on Learning Representations},
  year={2018}
}

@article{berthelot2019mixmatch,
  title={MixMatch: A Holistic Approach to Semi-Supervised Learning},
  author={Berthelot, David and Carlini, Nicholas and Goodfellow, Ian and Papernot, Nicolas and Oliver, Avital and Raffel, Colin},
  journal={arXiv preprint arXiv:1905.02249},
  year={2019}
}

@article{shen2019mixture,
  title={Mixture Models for Diverse Machine Translation: Tricks of the Trade},
  author={Shen, Tianxiao and Ott, Myle and Auli, Michael and Ranzato, Marc'Aurelio},
  journal={arXiv preprint arXiv:1902.07816},
  year={2019}
}

@article{gilmer2018adversarial,
  title={Adversarial spheres},
  author={Gilmer, Justin and Metz, Luke and Faghri, Fartash and Schoenholz, Samuel S and Raghu, Maithra and Wattenberg, Martin and Goodfellow, Ian},
  journal={arXiv preprint arXiv:1801.02774},
  year={2018}
}

@inproceedings{simon2019first,
  title={First-order adversarial vulnerability of neural networks and input dimension},
  author={Simon-Gabriel, Carl-Johann and Ollivier, Yann and Bottou, Leon and Sch{\"o}lkopf, Bernhard and Lopez-Paz, David},
  booktitle={International Conference on Machine Learning},
  pages={5809--5817},
  year={2019}
}


@inproceedings{athiwaratkun2018there,
  title={There are many consistent explanations of unlabeled data: Why you should average},
  author={Athiwaratkun, Ben and Finzi, Marc and Izmailov, Pavel and Wilson, Andrew Gordon},
  booktitle={International Conference on Learning Representations},
  year={2018}
}

@article{devries2017improved,
  title={Improved regularization of convolutional neural networks with cutout},
  author={DeVries, Terrance and Taylor, Graham W},
  journal={arXiv preprint arXiv:1708.04552},
  year={2017}
}

@article{sachan2018revisiting,
  title={Revisiting LSTM Networks for Semi-Supervised Text Classification via Mixed Objective Function},
  author={Sachan, Devendra Singh and Zaheer, Manzil and Salakhutdinov, Ruslan},
  year={2018}
}

@article{jackson2019semi,
  title={Semi-Supervised Learning by Label Gradient Alignment},
  author={Jackson, Jacob and Schulman, John},
  journal={arXiv preprint arXiv:1902.02336},
  year={2019}
}

@article{Hataya2019unifying,
  title={UNIFYING SEMI-SUPERVISED AND ROBUST LEARNING BY MIXUP},
  author={Hataya, Ryuichiro and Nakayama, Hideki},
  journal={ICLR The 2nd Learning from Limited Labeled Data (LLD) Workshop},
  year={2019}
}

@inproceedings{verma2019interpolation,
  title={Interpolation Consistency Training for Semi-Supervised Learning},
  author={Verma, Vikas and Lamb, Alex and Kannala, Juho and Bengio, Yoshua and Lopez-Paz, David},
  booktitle={Proceedings of the Twenty-Eighth International Joint Conference on Artificial Intelligence (IJCAI-19)},
  year={2019}
}

@article{hannun2014deep,
  title={Deep speech: Scaling up end-to-end speech recognition},
  author={Hannun, Awni and Case, Carl and Casper, Jared and Catanzaro, Bryan and Diamos, Greg and Elsen, Erich and Prenger, Ryan and Satheesh, Sanjeev and Sengupta, Shubho and Coates, Adam and others},
  journal={arXiv preprint arXiv:1412.5567},
  year={2014}
}

@inproceedings{park2018adversarial,
  title={Adversarial dropout for supervised and semi-supervised learning},
  author={Park, Sungrae and Park, JunKeon and Shin, Su-Jin and Moon, Il-Chul},
  booktitle={Thirty-Second AAAI Conference on Artificial Intelligence},
  year={2018}
}


@article{park2019specaugment,
  title={SpecAugment: A Simple Data Augmentation Method for Automatic Speech Recognition},
  author={Park, Daniel S and Chan, William and Zhang, Yu and Chiu, Chung-Cheng and Zoph, Barret and Cubuk, Ekin D and Le, Quoc V},
  journal={arXiv preprint arXiv:1904.08779},
  year={2019}
}

@article{netzer2011reading,
  title={Reading digits in natural images with unsupervised feature learning},
  author={Netzer, Yuval and Wang, Tao and Coates, Adam and Bissacco, Alessandro and Wu, Bo and Ng, Andrew Y},
  year={2011}
}

@techreport{krizhevsky2009learning,
  title={Learning multiple layers of features from tiny images},
  author={Krizhevsky, Alex and Hinton, Geoffrey},
  year={2009},
  institution={Citeseer}
}

@inproceedings{deng2009imagenet,
  title={Imagenet: A large-scale hierarchical image database},
  author={Deng, Jia and Dong, Wei and Socher, Richard and Li, Li-Jia and Li, Kai and Fei-Fei, Li},
  booktitle={2009 IEEE conference on computer vision and pattern recognition},
  pages={248--255},
  year={2009},
  organization={Ieee}
}

@inproceedings{vaswani2017attention,
  title={Attention is all you need},
  author={Vaswani, Ashish and Shazeer, Noam and Parmar, Niki and Uszkoreit, Jakob and Jones, Llion and Gomez, Aidan N and Kaiser, {\L}ukasz and Polosukhin, Illia},
  booktitle={Advances in neural information processing systems},
  pages={5998--6008},
  year={2017}
}

@article{hinton2015distilling,
  title={Distilling the knowledge in a neural network},
  author={Hinton, Geoffrey and Vinyals, Oriol and Dean, Jeff},
  journal={arXiv preprint arXiv:1503.02531},
  year={2015}
}

@inproceedings{chollet2017xception,
  title={Xception: Deep learning with depthwise separable convolutions},
  author={Chollet, Fran{\c{c}}ois},
  booktitle={Proceedings of the IEEE conference on computer vision and pattern recognition},
  pages={1251--1258},
  year={2017}
}

@article{kipf2016semi,
  title={Semi-supervised classification with graph convolutional networks},
  author={Kipf, Thomas N and Welling, Max},
  journal={arXiv preprint arXiv:1609.02907},
  year={2016}
}

@inproceedings{lee2013pseudo,
  title={Pseudo-label: The simple and efficient semi-supervised learning method for deep neural networks},
  author={Lee, Dong-Hyun},
  booktitle={Workshop on Challenges in Representation Learning, ICML},
  volume={3},
  pages={2},
  year={2013}
}


@article{zagoruyko2016wide,
  title={Wide residual networks},
  author={Zagoruyko, Sergey and Komodakis, Nikos},
  journal={arXiv preprint arXiv:1605.07146},
  year={2016}
}

@incollection{weston2012deep,
  title={Deep learning via semi-supervised embedding},
  author={Weston, Jason and Ratle, Fr{\'e}d{\'e}ric and Mobahi, Hossein and Collobert, Ronan},
  booktitle={Neural Networks: Tricks of the Trade},
  pages={639--655},
  year={2012},
  publisher={Springer}
}



@inproceedings{luo2018smooth,
  title={Smooth neighbors on teacher graphs for semi-supervised learning},
  author={Luo, Yucen and Zhu, Jun and Li, Mengxi and Ren, Yong and Zhang, Bo},
  booktitle={Proceedings of the IEEE Conference on Computer Vision and Pattern Recognition},
  pages={8896--8905},
  year={2018}
}

@inproceedings{zhang2016colorful,
  title={Colorful image colorization},
  author={Zhang, Richard and Isola, Phillip and Efros, Alexei A},
  booktitle={European conference on computer vision},
  pages={649--666},
  year={2016},
  organization={Springer}
}

@inproceedings{noroozi2016unsupervised,
  title={Unsupervised learning of visual representations by solving jigsaw puzzles},
  author={Noroozi, Mehdi and Favaro, Paolo},
  booktitle={European Conference on Computer Vision},
  pages={69--84},
  year={2016},
  organization={Springer}
}

@inproceedings{liang2018learning,
  title={Learning noise-invariant representations for robust speech recognition},
  author={Liang, Davis and Huang, Zhiheng and Lipton, Zachary C},
  booktitle={2018 IEEE Spoken Language Technology Workshop (SLT)},
  pages={56--63},
  year={2018},
  organization={IEEE}
}


@inproceedings{Salazar2018Invariant,
  title={Invariant representation learning for robust deep networks},
  author={Salazar, Julian and Liang, Davis and Huang, Zhiheng and Lipton, Zachary C},
  booktitle={Workshop on Integration of Deep Learning Theories, NeurIPS},
  year={2018}
}

@article{kool2019stochastic,
  title={Stochastic Beams and Where to Find Them: The Gumbel-Top-k Trick for Sampling Sequences Without Replacement},
  author={Kool, Wouter and van Hoof, Herke and Welling, Max},
  journal={arXiv preprint arXiv:1903.06059},
  year={2019}
}

@article{he2018sequence,
  title={Sequence to sequence mixture model for diverse machine translation},
  author={He, Xuanli and Haffari, Gholamreza and Norouzi, Mohammad},
  journal={arXiv preprint arXiv:1810.07391},
  year={2018}
}

@inproceedings{clark2018semi,
  title={Semi-supervised sequence modeling with cross-view training},
  author={Clark, Kevin and Luong, Minh-Thang and Manning, Christopher D and Le, Quoc V},
  booktitle={Empirical Methods in Natural Language Processing (EMNLP)},
  year={2018}
}


@inproceedings{hu2017learning,
  title={Learning discrete representations via information maximizing self-augmented training},
  author={Hu, Weihua and Miyato, Takeru and Tokui, Seiya and Matsumoto, Eiichi and Sugiyama, Masashi},
  booktitle={Proceedings of the 34th International Conference on Machine Learning-Volume 70},
  pages={1558--1567},
  year={2017},
  organization={JMLR. org}
}

@article{hernandez2018data,
  title={Data augmentation instead of explicit regularization},
  author={Hern{\'a}ndez-Garc{\'\i}a, Alex and K{\"o}nig, Peter},
  journal={arXiv preprint arXiv:1806.03852},
  year={2018}
}


@article{gastaldi2017shake,
  title={Shake-shake regularization},
  author={Gastaldi, Xavier},
  journal={arXiv preprint arXiv:1705.07485},
  year={2017}
}

@article{yamada2018shakedrop,
  title={ShakeDrop Regularization for Deep Residual Learning},
  author={Yamada, Yoshihiro and Iwamura, Masakazu and Akiba, Takuya and Kise, Koichi},
  journal={arXiv preprint arXiv:1802.02375},
  year={2018}
}

@article{orhan2019robustness,
  title={Robustness properties of Facebook's ResNeXt WSL models},
  author={Orhan, A Emin},
  journal={arXiv preprint arXiv:1907.07640},
  year={2019}
}

@article{cheng2016semi,
  title={Semi-supervised learning for neural machine translation},
  author={Cheng, Yong and Xu, Wei and He, Zhongjun and He, Wei and Wu, Hua and Sun, Maosong and Liu, Yang},
  journal={arXiv preprint arXiv:1606.04596},
  year={2016}
}

@inproceedings{kingma2014semi,
  title={Semi-supervised learning with deep generative models},
  author={Kingma, Durk P and Mohamed, Shakir and Rezende, Danilo Jimenez and Welling, Max},
  booktitle={Advances in neural information processing systems},
  pages={3581--3589},
  year={2014}
}

@article{edunov2018understanding,
  title={Understanding back-translation at scale},
  author={Edunov, Sergey and Ott, Myle and Auli, Michael and Grangier, David},
  booktitle={Proceedings of the 2018 conference on Empirical methods in natural language processing},
  pages={489--500},
  year={2018}
}

@inproceedings{he2016dual,
  title={Dual learning for machine translation},
  author={He, Di and Xia, Yingce and Qin, Tao and Wang, Liwei and Yu, Nenghai and Liu, Tie-Yan and Ma, Wei-Ying},
  booktitle={Advances in Neural Information Processing Systems},
  pages={820--828},
  year={2016}
}

@article{silver2016mastering,
  title={Mastering the game of Go with deep neural networks and tree search},
  author={Silver, David and Huang, Aja and Maddison, Chris J and Guez, Arthur and Sifre, Laurent and Van Den Driessche, George and Schrittwieser, Julian and Antonoglou, Ioannis and Panneershelvam, Veda and Lanctot, Marc and others},
  journal={nature},
  volume={529},
  number={7587},
  pages={484},
  year={2016},
  publisher={Nature Publishing Group}
}


@article{mnih2013playing,
  title={Playing atari with deep reinforcement learning},
  author={Mnih, Volodymyr and Kavukcuoglu, Koray and Silver, David and Graves, Alex and Antonoglou, Ioannis and Wierstra, Daan and Riedmiller, Martin},
  journal={arXiv preprint arXiv:1312.5602},
  year={2013}
}

@article{hinton2012deep,
  title={Deep neural networks for acoustic modeling in speech recognition},
  author={Hinton, Geoffrey and Deng, Li and Yu, Dong and Dahl, George and Mohamed, Abdel-rahman and Jaitly, Navdeep and Senior, Andrew and Vanhoucke, Vincent and Nguyen, Patrick and Kingsbury, Brian and others},
  journal={IEEE Signal processing magazine},
  volume={29},
  year={2012}
}

@inproceedings{vaswani2017attention,
  title={Attention is all you need},
  author={Vaswani, Ashish and Shazeer, Noam and Parmar, Niki and Uszkoreit, Jakob and Jones, Llion and Gomez, Aidan N and Kaiser, {\L}ukasz and Polosukhin, Illia},
  booktitle={Advances in neural information processing systems},
  pages={5998--6008},
  year={2017}
}

@inproceedings{sutskever2014sequence,
  title={Sequence to sequence learning with neural networks},
  author={Sutskever, Ilya and Vinyals, Oriol and Le, Quoc V},
  booktitle={Advances in Neural Information Processing Systems},
  pages={3104--3112},
  year={2014}
}

@inproceedings{zhai2019s,
  title={{S$^\mathbf{4}$L}: Self-Supervised Semi-Supervised Learning},
  author={Zhai, Xiaohua and Oliver, Avital and Kolesnikov, Alexander and Beyer, Lucas},
  booktitle={Proceedings of the IEEE international conference on computer vision},
  year={2019}
}

@inproceedings{girshick2015fast,
  title={Fast r-cnn},
  author={Girshick, Ross},
  booktitle={Proceedings of the IEEE international conference on computer vision},
  pages={1440--1448},
  year={2015}
}

@inproceedings{laine2016temporal,
	title={Temporal ensembling for semi-supervised learning},
	author={Laine, Samuli and Aila, Timo},
	booktitle={International Conference on Learning Representations},
	year={2017}
}

@inproceedings{he2016deep,
  title={Deep residual learning for image recognition},
  author={He, Kaiming and Zhang, Xiangyu and Ren, Shaoqing and Sun, Jian},
  booktitle={Proceedings of the IEEE conference on computer vision and pattern recognition},
  pages={770--778},
  year={2016}
}


@inproceedings{tarvainen2017mean,
	title={Mean teachers are better role models: Weight-averaged consistency targets improve semi-supervised deep learning results},
	author={Tarvainen, Antti and Valpola, Harri},
	booktitle={Advances in Neural Information Processing Systems},
	pages={1195--1204},
	year={2017}
}

@article{chapelle2009semi,
	title={Semi-supervised learning (chapelle, o. et al., eds.; 2006)[book reviews]},
	author={Chapelle, Olivier and Scholkopf, Bernhard and Zien, Alexander},
	journal={IEEE Transactions on Neural Networks},
	volume={20},
	number={3},
	pages={542--542},
	year={2009},
	publisher={IEEE}
}

@inproceedings{mahajan2018exploring,
  title={Exploring the limits of weakly supervised pretraining},
  author={Mahajan, Dhruv and Girshick, Ross and Ramanathan, Vignesh and He, Kaiming and Paluri, Manohar and Li, Yixuan and Bharambe, Ashwin and van der Maaten, Laurens},
  booktitle={Proceedings of the European Conference on Computer Vision (ECCV)},
  pages={181--196},
  year={2018}
}


@inproceedings{sun2017revisiting,
  title={Revisiting unreasonable effectiveness of data in deep learning era},
  author={Sun, Chen and Shrivastava, Abhinav and Singh, Saurabh and Gupta, Abhinav},
  booktitle={Proceedings of the IEEE international conference on computer vision},
  pages={843--852},
  year={2017}
}


@inproceedings{oliver2018realistic,
  title={Realistic evaluation of deep semi-supervised learning algorithms},
  author={Oliver, Avital and Odena, Augustus and Raffel, Colin A and Cubuk, Ekin Dogus and Goodfellow, Ian},
  booktitle={Advances in Neural Information Processing Systems},
  pages={3235--3246},
  year={2018}
}

@incollection{simard1998transformation,
	title={Transformation invariance in pattern recognition—tangent distance and tangent propagation},
	author={Simard, Patrice Y and LeCun, Yann A and Denker, John S and Victorri, Bernard},
	booktitle={Neural networks: tricks of the trade},
	pages={239--274},
	year={1998},
	publisher={Springer}
}

@inproceedings{mcauley2015image,
  title={Image-based recommendations on styles and substitutes},
  author={McAuley, Julian and Targett, Christopher and Shi, Qinfeng and Van Den Hengel, Anton},
  booktitle={Proceedings of the 38th International ACM SIGIR Conference on Research and Development in Information Retrieval},
  pages={43--52},
  year={2015},
  organization={ACM}
}


@techreport{gray2017gpu,
  title={GPU kernels for block-sparse weights},
  author={Gray, Scott and Radford, Alec and Kingma, Diederik P},
  year={2017},
  institution={Technical report, OpenAI}
}

@inproceedings{howard2018universal,
  title={Universal language model fine-tuning for text classification},
  author={Howard, Jeremy and Ruder, Sebastian},
  booktitle={Proceedings of the 56th Annual Meeting of the Association for Computational Linguistics (Volume 1: Long Papers)},
  volume={1},
  pages={328--339},
  year={2018}
}

@article{devlin2018bert,
  title={Bert: Pre-training of deep bidirectional transformers for language understanding},
  author={Devlin, Jacob and Chang, Ming-Wei and Lee, Kenton and Toutanova, Kristina},
  journal={arXiv preprint arXiv:1810.04805},
  year={2018}
}

@article{johnson2016supervised,
  title={Supervised and semi-supervised text categorization using LSTM for region embeddings},
  author={Johnson, Rie and Zhang, Tong},
  journal={arXiv preprint arXiv:1602.02373},
  year={2016}
}

@inproceedings{dai2015semi,
  title={Semi-supervised sequence learning},
  author={Dai, Andrew M and Le, Quoc V},
  booktitle={Advances in neural information processing systems},
  pages={3079--3087},
  year={2015}
}

@inproceedings{johnson2017deep,
  title={Deep pyramid convolutional neural networks for text categorization},
  author={Johnson, Rie and Zhang, Tong},
  booktitle={Proceedings of the 55th Annual Meeting of the Association for Computational Linguistics (Volume 1: Long Papers)},
  volume={1},
  pages={562--570},
  year={2017}
}

@article{johnson2016convolutional,
  title={Convolutional neural networks for text categorization: Shallow word-level vs. deep character-level},
  author={Johnson, Rie and Zhang, Tong},
  journal={arXiv preprint arXiv:1609.00718},
  year={2016}
}


@inproceedings{zhang2015character,
  title={Character-level convolutional networks for text classification},
  author={Zhang, Xiang and Zhao, Junbo and LeCun, Yann},
  booktitle={Advances in neural information processing systems},
  pages={649--657},
  year={2015}
}

@article{miyato2018virtual,
  title={Virtual adversarial training: a regularization method for supervised and semi-supervised learning},
  author={Miyato, Takeru and Maeda, Shin-ichi and Ishii, Shin and Koyama, Masanori},
  journal={IEEE transactions on pattern analysis and machine intelligence},
  year={2018},
  publisher={IEEE}
}

@article{yu2018qanet,
  title={QANet: Combining Local Convolution with Global Self-Attention for Reading Comprehension},
  author={Yu, Adams Wei and Dohan, David and Luong, Minh-Thang and Zhao, Rui and Chen, Kai and Norouzi, Mohammad and Le, Quoc V},
  journal={arXiv preprint arXiv:1804.09541},
  year={2018}
}


@article{peters2018deep,
  title={Deep contextualized word representations},
  author={Peters, Matthew E and Neumann, Mark and Iyyer, Mohit and Gardner, Matt and Clark, Christopher and Lee, Kenton and Zettlemoyer, Luke},
  journal={arXiv preprint arXiv:1802.05365},
  year={2018}
}


@inproceedings{joachims1999transductive,
  title={Transductive inference for text classification using support vector machines},
  author={Joachims, Thorsten},
  booktitle={ICML},
  volume={99},
  pages={200--209},
  year={1999}
}

@inproceedings{zhu2003semi,
  title={Semi-supervised learning using gaussian fields and harmonic functions},
  author={Zhu, Xiaojin and Ghahramani, Zoubin and Lafferty, John D},
  booktitle={Proceedings of the 20th International conference on Machine learning (ICML-03)},
  pages={912--919},
  year={2003}
}

@inproceedings{collobert2008unified,
  title={A unified architecture for natural language processing: Deep neural networks with multitask learning},
  author={Collobert, Ronan and Weston, Jason},
  booktitle={Proceedings of the 25th international conference on Machine learning},
  pages={160--167},
  year={2008},
  organization={ACM}
}

@inproceedings{krizhevsky2012imagenet,
  title={Imagenet classification with deep convolutional neural networks},
  author={Krizhevsky, Alex and Sutskever, Ilya and Hinton, Geoffrey E},
  booktitle={Advances in Neural Information Processing Systems},
  pages={1097--1105},
  year={2012}
}

@article{cubuk2019randaugment,
  title={RandAugment: Practical data augmentation with no separate search},
  author={Cubuk, Ekin D and Zoph, Barret and Shlens, Jonathon and Le, Quoc V},
  journal={arXiv preprint arXiv:1909.13719},
  year={2019}
}


@inproceedings{cubuk2018autoaugment,
  title={{AutoAugment}: Learning Augmentation Strategies from Data},
  author={Cubuk, Ekin D and Zoph, Barret and Mane, Dandelion and Vasudevan, Vijay and Le, Quoc V},
  booktitle={Proceedings of the IEEE Conference on Computer Vision and Pattern Recognition},
  year={2018}
}

@article{sennrich2015improving,
  title={Improving neural machine translation models with monolingual data},
  author={Sennrich, Rico and Haddow, Barry and Birch, Alexandra},
  journal={arXiv preprint arXiv:1511.06709},
  year={2015}
}

@article{goodfellow6572explaining,
  title={Explaining and harnessing adversarial examples (2014)},
  author={Goodfellow, Ian J and Shlens, Jonathon and Szegedy, Christian},
  journal={arXiv preprint arXiv:1412.6572}
}



@article{yang2016revisiting,
  title={Revisiting semi-supervised learning with graph embeddings},
  author={Yang, Zhilin and Cohen, William W and Salakhutdinov, Ruslan},
  journal={arXiv preprint arXiv:1603.08861},
  year={2016}
}

@inproceedings{dai2017good,
  title={Good semi-supervised learning that requires a bad gan},
  author={Dai, Zihang and Yang, Zhilin and Yang, Fan and Cohen, William W and Salakhutdinov, Ruslan R},
  booktitle={Advances in Neural Information Processing Systems},
  pages={6510--6520},
  year={2017}
}

@inproceedings{maas2011learning,
  title={Learning word vectors for sentiment analysis},
  author={Maas, Andrew L and Daly, Raymond E and Pham, Peter T and Huang, Dan and Ng, Andrew Y and Potts, Christopher},
  booktitle={Proceedings of the 49th annual meeting of the association for computational linguistics: Human language technologies-volume 1},
  pages={142--150},
  year={2011},
  organization={Association for Computational Linguistics}
}

@inproceedings{hieu2019,
  title={Personal Communication. Will be updated.},
  author={Pham el al., Hieu},
  year={2019},
}

@article{maaloe2016auxiliary,
	title={Auxiliary deep generative models},
	author={Maal{\o}e, Lars and S{\o}nderby, Casper Kaae and S{\o}nderby, S{\o}ren Kaae and Winther, Ole},
	journal={arXiv preprint arXiv:1602.05473},
	year={2016}
}

@inproceedings{salimans2016improved,
	title={Improved techniques for training gans},
	author={Salimans, Tim and Goodfellow, Ian and Zaremba, Wojciech and Cheung, Vicki and Radford, Alec and Chen, Xi},
	booktitle={Advances in neural information processing systems},
	pages={2234--2242},
	year={2016}
}

@article{zhang2017mixup,
	title={mixup: Beyond empirical risk minimization},
	author={Zhang, Hongyi and Cisse, Moustapha and Dauphin, Yann N and Lopez-Paz, David},
	journal={arXiv preprint arXiv:1710.09412},
	year={2017}
}

@article{radford2018improving,
	title={Improving language understanding by generative pre-training},
	author={Radford, Alec and Narasimhan, Karthik and Salimans, Tim and Sutskever, Ilya},
	journal={URL https://s3-us-west-2. amazonaws. com/openai-assets/research-covers/languageunsupervised/language understanding paper. pdf},
	year={2018}
}

@inproceedings{mikolov2013distributed,
	title={Distributed representations of words and phrases and their compositionality},
	author={Mikolov, Tomas and Sutskever, Ilya and Chen, Kai and Corrado, Greg S and Dean, Jeff},
	booktitle={Advances in neural information processing systems},
	pages={3111--3119},
	year={2013}
}

@inproceedings{pennington2014glove,
	title={Glove: Global vectors for word representation},
	author={Pennington, Jeffrey and Socher, Richard and Manning, Christopher},
	booktitle={Proceedings of the 2014 conference on empirical methods in natural language processing (EMNLP)},
	pages={1532--1543},
	year={2014}
}

@article{yang2017semi,
	title={Semi-supervised qa with generative domain-adaptive nets},
	author={Yang, Zhilin and Hu, Junjie and Salakhutdinov, Ruslan and Cohen, William W},
	journal={arXiv preprint arXiv:1702.02206},
	year={2017}
}

@inproceedings{grandvalet2005semi,
  title={Semi-supervised learning by entropy minimization},
  author={Grandvalet, Yves and Bengio, Yoshua},
  booktitle={Advances in neural information processing systems},
  pages={529--536},
  year={2005}
}

@article{henaff2019data,
  title={Data-efficient image recognition with contrastive predictive coding},
  author={H{\'e}naff, Olivier J and Razavi, Ali and Doersch, Carl and Eslami, SM and Oord, Aaron van den},
  journal={arXiv preprint arXiv:1905.09272},
  year={2019}
}

@article{trinh2019selfie,
  title={Selfie: Self-supervised Pretraining for Image Embedding},
  author={Trinh, Trieu H and Luong, Minh-Thang and Le, Quoc V},
  journal={arXiv preprint arXiv:1906.02940},
  year={2019}
}

@inproceedings{ye2019unsupervised,
  title={Unsupervised Embedding Learning via Invariant and Spreading Instance Feature},
  author={Ye, Mang and Zhang, Xu and Yuen, Pong C and Chang, Shih-Fu},
  booktitle={Proceedings of the IEEE Conference on Computer Vision and Pattern Recognition},
  pages={6210--6219},
  year={2019}
}

@inproceedings{rasmus2015semi,
  title={Semi-supervised learning with ladder networks},
  author={Rasmus, Antti and Berglund, Mathias and Honkala, Mikko and Valpola, Harri and Raiko, Tapani},
  booktitle={Advances in neural information processing systems},
  pages={3546--3554},
  year={2015}
}

@article{galloway2019batch,
  title={Batch Normalization is a Cause of Adversarial Vulnerability},
  author={Galloway, Angus and Golubeva, Anna and Tanay, Thomas and Moussa, Medhat and Taylor, Graham W},
  journal={arXiv preprint arXiv:1905.02161},
  year={2019}
}

@article{zhai2019adversarially,
  title={Adversarially robust generalization just requires more unlabeled data},
  author={Zhai, Runtian and Cai, Tianle and He, Di and Dan, Chen and He, Kun and Hopcroft, John and Wang, Liwei},
  journal={arXiv preprint arXiv:1906.00555},
  year={2019}
}



@article{carmon2019unlabeled,
  title={Unlabeled data improves adversarial robustness},
  author={Carmon, Yair and Raghunathan, Aditi and Schmidt, Ludwig and Liang, Percy and Duchi, John C},
  journal={arXiv preprint arXiv:1905.13736},
  year={2019}
}


@article{edunov2018understanding,
  title={Understanding back-translation at scale},
  author={Edunov, Sergey and Ott, Myle and Auli, Michael and Grangier, David},
  journal={arXiv preprint arXiv:1808.09381},
  year={2018}
}

@article{stanforth2019labels,
  title={Are Labels Required for Improving Adversarial Robustness?},
  author={Stanforth, Robert and Fawzi, Alhussein and Kohli, Pushmeet and others},
  journal={arXiv preprint arXiv:1905.13725},
  year={2019}
}
@inproceedings{simonyan2014very,
  title={Very deep convolutional networks for large-scale image recognition},
  author={Simonyan, Karen and Zisserman, Andrew},
  booktitle={International Conference on Learning Representations},
  year={2015}
}

@article{confirmation_bias,
  title = {Pseudo-Labeling and Confirmation Bias in Deep Semi-Supervised Learning},
  author = {Arazo, Eric and
            Ortego, Diego and
            Albert, Paul and
            O'Connor, Noel E. and
            McGuinness, Kevin},
  journal={Arxiv, 1908.02983},
  year={2019}
}
@inproceedings{ladder_network,
  title     = {Semi-Supervised Learning with Ladder Networks},
  author    = {Rasmus, Antti and
              Valpola, Harri and
              Honkala, Mikko and
              Berglund, Mathias and
              Raiko, Tapani},
  booktitle = {Advances in Neural Information Processing Systems},
  year      = {2015},
}
@inproceedings{jigsaw_puzzle,
  title={Unsupervised Learning of Visual Representations by Solving Jigsaw Puzzles},
  author={Noroozi, Mehdi and Favaro, Paolo},
  booktitle={IEEE Conference on Computer Vision and Pattern Recognition},
  year={2018},
}

@inproceedings{predicting_rotation,
  title={Unsupervised Representation Learning by Predicting Image Rotations},
  author={Gidaris, Spyros and Singh, Praveer and Komodakis, Nikos},
  booktitle={IEEE Conference on Computer Vision and Pattern Recognition},
  year={2018},
}
@inproceedings{mixmatch,
  title     = {MixMatch: A Holistic Approach to Semi-Supervised Learning},
  author    = {Berthelot, David and
               Carlini, Nicholas and
               Goodfellow, Ian and
               Papernot, Nicolas and
               Oliver, Avital and
               Raffel, Colin},
  booktitle = {Advances in Neural Information Processing Systems},
  year      = {2019},
}

@article{uda,
  title={Unsupervised data augmentation for consistency training},
  author={Xie, Qizhe and Dai, Zihang and Hovy, Eduard and Luong, Minh-Thang and Le, Quoc V},
  journal={arXiv preprint arXiv:1904.12848},
  year={2019}
}

@inproceedings{inpainting,
  title     = {Context Encoders: Feature Learning by Inpainting},
  author    = {Pathak, Deepak and
               Krahenb\"{u}hl, Philipp and
               Donahue, Jeff and
               Darrell, Trevor and
               Efr\"{o}s, Alexei A. },
  booktitle = {IEEE Conference on Computer Vision and Pattern Recognition},
  year      = {2016},
}

@inproceedings{exemplar_network,
  title     = {Discriminative unsupervised feature learning with convolutional neural networks},
  author    = {Dosovitskiy, Alexey and
               Fischer, Philipp and
               Springenberg, Jost Tobias  and
               Riedmiller, Martin and
               Brox, Thomas},
  booktitle = {Advances in Neural Information Processing Systems},
  year      = {2014},
}
@inproceedings{denoising_auto_encoder,
  title = {Extracting and Composing Robust Features with Denoising Autoencoders},
  author = {Vincent, Pascal and
            Larochelle, Hugo and
            Bengio, Yoshua and
            Manzagol, Pierre-Antoine},
  booktitle={International Conference on Machine Learning},
  year={2008}
}

@article{stack_auto_encoder,
  title = {Stacked denoising autoencoders: learning useful representations in a deep network with a local denoising criterion},
  author = {Vincent, Pascal and
            Larochelle, Hugo and
            Lajoie, Isabelle and
            Bengio, Yoshua and
            Manzagol, Pierre-Antoine},
  journal={Journal of Machine Learning Research},
  year={2010}
}
@inproceedings{greedy_layerwise,
  title = {Greedy Layer-Wise Training of Deep Networks},
  author = {Bengio, Yoshua and
            Lamblin, Pascal and
            Popovici, and
            Larochelle, Hugo},
  booktitle={Advances in Neural Information Processing Systems},
  year={2008}
}

@inproceedings{cat_paper,
  title = {Building high-level features using large scale unsupervised learning},
  author = {Le, Quoc V. and
            Ranzato, Marc'Aurelio and
            Monga, Rajat and
            Devin, Matthieu and
            Chen, Kai and
            Corrado, Greg S. and
            Dean, Jeff and
            Ng, Andrew Y.},
  booktitle={International Conference on Machine Learning},
  year={2012}
}
@article{billion_large_scale,
  title = {Billion-scale semi-supervised learning for image classification},
  author = {Yalniz, I. Zeki and
            Herv{'e} J{'e}gou and
            Chen, Kan and
            Paluri, Manohar and
            Mahajan, Dhruv},
  journal={Arxiv 1905.00546},
  year={2019}
}
@inproceedings{tan2019efficientnet,
  title={{EfficientNet}: Rethinking Model Scaling for Convolutional Neural Networks},
  author={Tan, Mingxing and Le, Quoc V},
  booktitle={International Conference on Machine Learning},
  year={2019}
}

@inproceedings{bucilu2006model,
  title={Model compression},
  author={Buciluǎ, Cristian and Caruana, Rich and Niculescu-Mizil, Alexandru},
  booktitle={Proceedings of the 12th ACM SIGKDD international conference on Knowledge discovery and data mining},
  pages={535--541},
  year={2006},
  organization={ACM}
}

@inproceedings{parthasarathi2019lessons,
  title={Lessons from building acoustic models with a million hours of speech},
  author={Parthasarathi, Sree Hari Krishnan and Strom, Nikko},
  booktitle={IEEE International Conference on Acoustics, Speech and Signal Processing (ICASSP)},
  pages={6670--6674},
  year={2019},
  organization={IEEE}
}



@inproceedings{radosavovic2018data,
  title={Data distillation: Towards omni-supervised learning},
  author={Radosavovic, Ilija and Doll{\'a}r, Piotr and Girshick, Ross and Gkioxari, Georgia and He, Kaiming},
  booktitle={Proceedings of the IEEE Conference on Computer Vision and Pattern Recognition},
  pages={4119--4128},
  year={2018}
}
@inproceedings{ba2014deep,
  title={Do deep nets really need to be deep?},
  author={Ba, Jimmy and Caruana, Rich},
  booktitle={Advances in Neural Information Processing Systems},
  pages={2654--2662},
  year={2014}
}

@inproceedings{shi2018transductive,
  title={Transductive semi-supervised deep learning using min-max features},
  author={Shi, Weiwei and Gong, Yihong and Ding, Chris and MaXiaoyu Tao, Zhiheng and Zheng, Nanning},
  booktitle={Proceedings of the European Conference on Computer Vision (ECCV)},
  pages={299--315},
  year={2018}
}

@inproceedings{riloff2003learning,
  title={Learning extraction patterns for subjective expressions},
  author={Riloff, Ellen and Wiebe, Janyce},
  booktitle={Proceedings of the 2003 conference on Empirical methods in natural language processing},
  pages={105--112},
  year={2003}
}

@techreport{zhu2005semi,
  title={Semi-supervised learning literature survey},
  author={Zhu, Xiaojin Jerry},
  year={2005},
  institution={University of Wisconsin-Madison Department of Computer Sciences}
}

@article{arazo2019pseudo,
  title={Pseudo-Labeling and Confirmation Bias in Deep Semi-Supervised Learning},
  author={Arazo, Eric and Ortego, Diego and Albert, Paul and O'Connor, Noel E and McGuinness, Kevin},
  journal={arXiv preprint arXiv:1908.02983},
  year={2019}
}

@article{li2019certainty,
  title={Certainty-Driven Consistency Loss for Semi-supervised Learning},
  author={Li, Yingting and Liu, Lu and Tan, Robby T},
  journal={arXiv preprint arXiv:1901.05657},
  year={2019}
}

@inproceedings{chen2018semi,
  title={Semi-supervised deep learning with memory},
  author={Chen, Yanbei and Zhu, Xiatian and Gong, Shaogang},
  booktitle={Proceedings of the European Conference on Computer Vision (ECCV)},
  pages={268--283},
  year={2018}
}

@inproceedings{qiao2018deep,
  title={Deep co-training for semi-supervised image recognition},
  author={Qiao, Siyuan and Shen, Wei and Zhang, Zhishuai and Wang, Bo and Yuille, Alan},
  booktitle={Proceedings of the European Conference on Computer Vision (ECCV)},
  pages={135--152},
  year={2018}
}

@inproceedings{iscen2019label,
  title={Label propagation for deep semi-supervised learning},
  author={Iscen, Ahmet and Tolias, Giorgos and Avrithis, Yannis and Chum, Ondrej},
  booktitle={Proceedings of the IEEE Conference on Computer Vision and Pattern Recognition},
  pages={5070--5079},
  year={2019}
}


@inproceedings{Chowdhury19,
  author    = {Aruni {Roy Chowdhury} and
               Prithvijit Chakrabarty and
               Ashish Singh and
               SouYoung Jin and
               Huaizu Jiang and
               Liangliang Cao and
               Erik G. Learned{-}Miller},
  title     = {Automatic adaptation of object detectors to new domains using self-training},
  booktitle   = {Proceedings of the IEEE Conference on Computer Vision and Pattern Recognition},
  year      = {2019}
}

@inproceedings{szegedy2015going,
  title={Going deeper with convolutions},
  author={Szegedy, Christian and Liu, Wei and Jia, Yangqing and Sermanet, Pierre and Reed, Scott and Anguelov, Dragomir and Erhan, Dumitru and Vanhoucke, Vincent and Rabinovich, Andrew},
  booktitle={Proceedings of the IEEE conference on computer vision and pattern recognition},
  pages={1--9},
  year={2015}
}


@inproceedings{najafi2019robustness,
  title={Robustness to adversarial perturbations in learning from incomplete data},
  author={Najafi, Amir and Maeda, Shin-ichi and Koyama, Masanori and Miyato, Takeru},
  booktitle={Advances in Neural Information Processing Systems},
  year={2019}
}
@inproceedings{gpipe18,
  title={{GPipe}: Efficient training of giant neural networks using pipeline parallelism},
  author={Huang, Yanping and Cheng, Yonglong and Chen, Dehao and Lee, HyoukJoong and Ngiam, Jiquan and Le, Quoc V and Chen, Zhifeng},
  booktitle={Advances in Neural Information Processing Systems},
  year={2019}
}
@inproceedings{zoph2018learning,
  title={Learning transferable architectures for scalable image recognition},
  author={Zoph, Barret and Vasudevan, Vijay and Shlens, Jonathon and Le, Quoc V},
  booktitle={Proceedings of the IEEE conference on computer vision and pattern recognition},
  pages={8697--8710},
  year={2018}
}
@inproceedings{hu2018squeeze,
  title={Squeeze-and-excitation networks},
  author={Hu, Jie and Shen, Li and Sun, Gang},
  booktitle={Proceedings of the IEEE conference on computer vision and pattern recognition},
  pages={7132--7141},
  year={2018}
}

@inproceedings{real2019regularized,
  title={Regularized evolution for image classifier architecture search},
  author={Real, Esteban and Aggarwal, Alok and Huang, Yanping and Le, Quoc V},
  booktitle={Proceedings of the AAAI Conference on Artificial Intelligence},
  volume={33},
  pages={4780--4789},
  year={2019}
}

@inproceedings{huang2017densely,
  title={Densely connected convolutional networks},
  author={Huang, Gao and Liu, Zhuang and Van Der Maaten, Laurens and Weinberger, Kilian Q},
  booktitle={Proceedings of the IEEE conference on computer vision and pattern recognition},
  pages={4700--4708},
  year={2017}
}
@inproceedings{szegedy2016rethinking,
  title={Rethinking the inception architecture for computer vision},
  author={Szegedy, Christian and Vanhoucke, Vincent and Ioffe, Sergey and Shlens, Jon and Wojna, Zbigniew},
  booktitle={Proceedings of the IEEE conference on computer vision and pattern recognition},
  pages={2818--2826},
  year={2016}
}

@inproceedings{liu2018progressive,
  title={Progressive neural architecture search},
  author={Liu, Chenxi and Zoph, Barret and Neumann, Maxim and Shlens, Jonathon and Hua, Wei and Li, Li-Jia and Fei-Fei, Li and Yuille, Alan and Huang, Jonathan and Murphy, Kevin},
  booktitle={Proceedings of the European Conference on Computer Vision (ECCV)},
  pages={19--34},
  year={2018}
}

@inproceedings{szegedy2017inception,
  title={Inception-v4, inception-resnet and the impact of residual connections on learning},
  author={Szegedy, Christian and Ioffe, Sergey and Vanhoucke, Vincent and Alemi, Alexander A},
  booktitle={Thirty-First AAAI Conference on Artificial Intelligence},
  year={2017}
}

@inproceedings{xie2017aggregated,
  title={Aggregated residual transformations for deep neural networks},
  author={Xie, Saining and Girshick, Ross and Doll{\'a}r, Piotr and Tu, Zhuowen and He, Kaiming},
  booktitle={Proceedings of the IEEE conference on computer vision and pattern recognition},
  pages={1492--1500},
  year={2017}
}

@inproceedings{zhang2017polynet,
  title={Polynet: A pursuit of structural diversity in very deep networks},
  author={Zhang, Xingcheng and Li, Zhizhong and Change Loy, Chen and Lin, Dahua},
  booktitle={Proceedings of the IEEE Conference on Computer Vision and Pattern Recognition},
  pages={718--726},
  year={2017}
}

@article{touvron2019fixing,
  title={Fixing the train-test resolution discrepancy},
  author={Touvron, Hugo and Vedaldi, Andrea and Douze, Matthijs and J{\'e}gou, Herv{\'e}},
  journal={arXiv preprint arXiv:1906.06423},
  year={2019}
}



@article{srivastava2014dropout,
  title={Dropout: a simple way to prevent neural networks from overfitting},
  author={Srivastava, Nitish and Hinton, Geoffrey and Krizhevsky, Alex and Sutskever, Ilya and Salakhutdinov, Ruslan},
  journal={The journal of machine learning research},
  volume={15},
  number={1},
  pages={1929--1958},
  year={2014},
  publisher={JMLR. org}
}

@inproceedings{wan2013regularization,
  title={Regularization of neural networks using dropconnect},
  author={Wan, Li and Zeiler, Matthew and Zhang, Sixin and Le Cun, Yann and Fergus, Rob},
  booktitle={International conference on machine learning},
  pages={1058--1066},
  year={2013}
}

@article{hendrycks2019natural,
  title={Natural adversarial examples},
  author={Hendrycks, Dan and Zhao, Kevin and Basart, Steven and Steinhardt, Jacob and Song, Dawn},
  journal={arXiv preprint arXiv:1907.07174},
  year={2019}
}

@inproceedings{hendrycks2018benchmarking,
  title={Benchmarking Neural Network Robustness to Common Corruptions and Perturbations},
  author={Hendrycks, Dan and Dietterich, Thomas G},
  booktitle={International Conference on Learning Representations},
  year={2019}
}

@inproceedings{geirhos2018imagenet,
  title={{ImageNet-trained CNNs} are biased towards texture; increasing shape bias improves accuracy and robustness},
  author={Geirhos, Robert and Rubisch, Patricia and Michaelis, Claudio and Bethge, Matthias and Wichmann, Felix A and Brendel, Wieland},
  booktitle={International Conference on Learning Representations},
  year={2019}
}

@inproceedings{yarowsky1995unsupervised,
  title={Unsupervised word sense disambiguation rivaling supervised methods},
  author={Yarowsky, David},
  booktitle={33rd annual meeting of the association for computational linguistics},
  pages={189--196},
  year={1995}
}

@article{recht2019imagenet,
  title={Do ImageNet Classifiers Generalize to ImageNet?},
  author={Recht, Benjamin and Roelofs, Rebecca and Schmidt, Ludwig and Shankar, Vaishaal},
  journal={International Conference on Machine Learning},
  year={2019}
}

@article{lopes2019improving,
  title={Improving Robustness Without Sacrificing Accuracy with Patch Gaussian Augmentation},
  author={Lopes, Raphael Gontijo and Yin, Dong and Poole, Ben and Gilmer, Justin and Cubuk, Ekin D},
  journal={arXiv preprint arXiv:1906.02611},
  year={2019}
}

@article{ngiam2018domain,
  title={Domain adaptive transfer learning with specialist models},
  author={Ngiam, Jiquan and Peng, Daiyi and Vasudevan, Vijay and Kornblith, Simon and Le, Quoc V and Pang, Ruoming},
  journal={arXiv preprint arXiv:1811.07056},
  year={2018}
}

@inproceedings{huang2016deep,
  title={Deep networks with stochastic depth},
  author={Huang, Gao and Sun, Yu and Liu, Zhuang and Sedra, Daniel and Weinberger, Kilian Q},
  booktitle={European conference on computer vision},
  pages={646--661},
  year={2016},
  organization={Springer}
}
@article{szegedy2013intriguing,
  title={Intriguing properties of neural networks},
  author={Szegedy, Christian and Zaremba, Wojciech and Sutskever, Ilya and Bruna, Joan and Erhan, Dumitru and Goodfellow, Ian and Fergus, Rob},
  journal={arXiv preprint arXiv:1312.6199},
  year={2013}
}
@inproceedings{gu2019using,
  title={Using videos to evaluate image model robustness},
  author={Gu, Keren and Yang, Brandon and Ngiam, Jiquan and Le, Quoc and Shlens, Jonathan},
  booktitle={ICLR Workshop},
  year={2019}
}
@inproceedings{hendrycks2019using,
  title={Using pre-training can improve model robustness and uncertainty},
  author={Hendrycks, Dan and Lee, Kimin and Mazeika, Mantas},
  booktitle={International Conference on Machine Learning},
  year={2019}
}

@article{scudder1965probability,
  title={Probability of error of some adaptive pattern-recognition machines},
  author={Scudder, H},
  journal={IEEE Transactions on Information Theory},
  volume={11},
  number={3},
  pages={363--371},
  year={1965},
  publisher={IEEE}
}

@article{zhu2002learning,
  title={Learning from labeled and unlabeled data with label propagation},
  author={Zhu, X and Ghahramani, Z},
  year={2002},
  publisher={Center for Automated Learning and Discovery, CMU}
}


@article{furlanello2018born,
  title={Born again neural networks},
  author={Furlanello, Tommaso and Lipton, Zachary C and Tschannen, Michael and Itti, Laurent and Anandkumar, Anima},
  journal={arXiv preprint arXiv:1805.04770},
  year={2018}
}

@inproceedings{kornblith2019better,
  title={Do better imagenet models transfer better?},
  author={Kornblith, Simon and Shlens, Jonathon and Le, Quoc V},
  booktitle={Proceedings of the IEEE Conference on Computer Vision and Pattern Recognition},
  pages={2661--2671},
  year={2019}
}